<record><leader>00000cas a22000007a 4500</leader><controlfield tag="001">15152092</controlfield><controlfield tag="008">870204d185818uumsudn ne      0    0eng d</controlfield><datafield ind1=" " ind2=" " tag="010"><subfield code="a">sn 87090150 </subfield></datafield><datafield ind1=" " ind2=" " tag="040"><subfield code="a">PPM</subfield><subfield code="b">eng</subfield><subfield code="c">PPM</subfield><subfield code="d">MSJ</subfield><subfield code="d">OCLCQ</subfield></datafield><datafield ind1=" " ind2=" " tag="042"><subfield code="a">msc</subfield></datafield><datafield ind1="0" ind2="0" tag="245"><subfield code="a">Daily southern reveille.</subfield></datafield><datafield ind1=" " ind2=" " tag="260"><subfield code="a">Port Gibson, Miss. :</subfield><subfield code="b">James S. Mason,</subfield><subfield code="c">1858-</subfield></datafield><datafield ind1=" " ind2=" " tag="310"><subfield code="a">Daily (except Sun.)</subfield></datafield><datafield ind1="0" ind2=" " tag="362"><subfield code="a">Vol. 1, no. 1 (Sept. 11, 1858)-</subfield></datafield><datafield ind1=" " ind2=" " tag="580"><subfield code="a">Issued also in a weekly ed. called: Southern reveille.</subfield></datafield><datafield ind1=" " ind2=" " tag="752"><subfield code="a">United States</subfield><subfield code="b">Mississippi</subfield><subfield code="c">Claiborne</subfield><subfield code="d">Port Gibson.</subfield></datafield><datafield ind1="1" ind2=" " tag="775"><subfield code="t">Southern reveille (Port Gibson, Miss. : 1857)</subfield><subfield code="w">(OCoLC)12847808</subfield></datafield></record>